%article about the potential that I use in Q3
@article{Evans_2021,
	doi = {10.1093/mnras/stab2271},
  
	url = {https://doi.org/10.1093%2Fmnras%2Fstab2271},
  
	year = 2021,
	month = {aug},
  
	publisher = {Oxford University Press ({OUP})},
  
	volume = {507},
  
	number = {4},
  
	pages = {4997--5012},
  
	author = {F A Evans and T Marchetti and E M Rossi and J F W Baggen and S Bloot},
  
	title = {Comparing hypervelocity star populations from the Large Magellanic Cloud and the Milky Way},
  
	journal = {Monthly Notices of the Royal Astronomical Society}
}
%speedystar citations 
@ARTICLE{2019MNRAS.487.4025C,
       author = {{Contigiani}, O. and {Rossi}, E.~M. and {Marchetti}, T.},
        title = "{On measuring the Galactic dark matter halo with hypervelocity stars}",
      journal = {Monthly Notices of the Royal Astronomical Society},
     keywords = {methods: numerical, Galaxy: centre, Galaxy: halo, Astrophysics - Astrophysics of Galaxies},
         year = 2019,
        month = aug,
       volume = {487},
       number = {3},
        pages = {4025-4036},
          doi = {10.1093/mnras/stz1547},
archivePrefix = {arXiv},
       eprint = {1807.04468},
 primaryClass = {astro-ph.GA},
       adsurl = {https://ui.adsabs.harvard.edu/abs/2019MNRAS.487.4025C},
      adsnote = {Provided by the SAO/NASA Astrophysics Data System}
}

@ARTICLE{2022MNRAS.517.3469E,
       author = {{Evans}, F.~A. and {Marchetti}, T. and {Rossi}, E.~M.},
        title = "{Constraints on the Galactic Centre environment from Gaia hypervelocity stars II: The evolved population}",
      journal = {Monthly Notices of the Royal Astronomical Society},
     keywords = {binaries: general, stars: kinematics and dynamics, Galaxy: centre, Galaxy: nucleus, Galaxy: stellar content, Astrophysics - Astrophysics of Galaxies},
         year = 2022,
        month = dec,
       volume = {517},
       number = {3},
        pages = {3469-3484},
          doi = {10.1093/mnras/stac2865},
archivePrefix = {arXiv},
       eprint = {2205.14777},
 primaryClass = {astro-ph.GA},
       adsurl = {https://ui.adsabs.harvard.edu/abs/2022MNRAS.517.3469E},
      adsnote = {Provided by the SAO/NASA Astrophysics Data System}
}

%Hills citations

@ARTICLE{2017MNRAS.467.1844R,
       author = {{Rossi}, Elena M. and {Marchetti}, T. and {Cacciato}, M. and {Kuiack}, M. and {Sari}, R.},
        title = "{Joint constraints on the Galactic dark matter halo and Galactic Centre from hypervelocity stars}",
      journal = {Monthly Notices of the Royal Astronomical Society},
     keywords = {galaxy: The Milky Way, Galaxy: halo, Galaxy: Centre, dark matter, stars: dynamics, methods: analytical, stars: kinematics and dynamics, - Galaxy: Centre, Astrophysics - Astrophysics of Galaxies},
         year = 2017,
        month = may,
       volume = {467},
       number = {2},
        pages = {1844-1856},
          doi = {10.1093/mnras/stx098},
archivePrefix = {arXiv},
       eprint = {1608.02000},
 primaryClass = {astro-ph.GA},
       adsurl = {https://ui.adsabs.harvard.edu/abs/2017MNRAS.467.1844R},
      adsnote = {Provided by the SAO/NASA Astrophysics Data System}
}

@ARTICLE{2018MNRAS.476.4697M,
       author = {{Marchetti}, T. and {Contigiani}, O. and {Rossi}, E.~M. and {Albert}, J.~G. and {Brown}, A.~G.~A. and {Sesana}, A.},
        title = "{Predicting the hypervelocity star population in Gaia}",
      journal = {Monthly Notices of the Royal Astronomical Society},
     keywords = {methods: numerical, catalogues, Galaxy: centre, Galaxy: kinematics and dynamics, Astrophysics - Astrophysics of Galaxies, Astrophysics - Solar and Stellar Astrophysics},
         year = 2018,
        month = jun,
       volume = {476},
       number = {4},
        pages = {4697-4712},
          doi = {10.1093/mnras/sty579},
archivePrefix = {arXiv},
       eprint = {1711.11397},
 primaryClass = {astro-ph.GA},
       adsurl = {https://ui.adsabs.harvard.edu/abs/2018MNRAS.476.4697M},
      adsnote = {Provided by the SAO/NASA Astrophysics Data System}
}

%citing Hills 
@ARTICLE{1988Natur.331..687H,
       author = {{Hills}, J.~G.},
        title = "{Hyper-velocity and tidal stars from binaries disrupted by a massive Galactic black hole}",
      journal = {Nature},
     keywords = {Binary Stars, Black Holes (Astronomy), Gravitational Effects, Milky Way Galaxy, Stellar Orbits, Companion Stars, Ejection, Stellar Evolution, Astrophysics},
         year = 1988,
        month = feb,
       volume = {331},
       number = {6158},
        pages = {687-689},
          doi = {10.1038/331687a0},
       adsurl = {https://ui.adsabs.harvard.edu/abs/1988Natur.331..687H},
      adsnote = {Provided by the SAO/NASA Astrophysics Data System}
}
%citing the Hernquist potential 
@ARTICLE{Hernquist,
       author = {{Hernquist}, Lars},
        title = "{An Analytical Model for Spherical Galaxies and Bulges}",
      journal = {The Astrophysical Journal} ,
     keywords = {Computational Astrophysics, Elliptical Galaxies, Galactic Bulge, Galactic Structure, Astronomical Models, Astronomical Photometry, Brightness Distribution, Distribution Functions, Astrophysics, GALAXIES: PHOTOMETRY, GALAXIES: STRUCTURE},
         year = 1990,
        month = jun,
       volume = {356},
        pages = {359},
          doi = {10.1086/168845},
       adsurl = {https://ui.adsabs.harvard.edu/abs/1990ApJ...356..359H},
      adsnote = {Provided by the SAO/NASA Astrophysics Data System}
}

%citing the Price-whelan 
@ARTICLE{Price-whelan,
       author = {{Price-Whelan}, Adrian M. and {Hogg}, David W. and {Johnston}, Kathryn V. and {Hendel}, David},
        title = "{Inferring the Gravitational Potential of the Milky Way with a Few Precisely Measured Stars}",
      journal = {The Astrophysical Journal},
     keywords = {dark matter, Galaxy: halo, Galaxy: kinematics and dynamics, Astrophysics - Astrophysics of Galaxies},
         year = 2014,
        month = oct,
       volume = {794},
       number = {1},
          eid = {4},
        pages = {4},
          doi = {10.1088/0004-637X/794/1/4},
archivePrefix = {arXiv},
       eprint = {1405.6721},
 primaryClass = {astro-ph.GA},
       adsurl = {https://ui.adsabs.harvard.edu/abs/2014ApJ...794....4P},
      adsnote = {Provided by the SAO/NASA Astrophysics Data System}
}

% Miyamoto nagai 1975
@ARTICLE{Miyamoto,
       author = {{Miyamoto}, M. and {Nagai}, R.},
        title = "{Three-dimensional models for the distribution of mass in galaxies.}",
      journal = {Publications of the Astronomical Society of Japan},
     keywords = {Astronomical Models, Density Distribution, Galactic Structure, Mass Distribution, Potential Theory, Three Dimensional Models, Functions (Mathematics), Globular Clusters, Gravitational Effects, Mathematical Models, Milky Way Galaxy, Astrophysics},
         year = 1975,
        month = jan,
       volume = {27},
        pages = {533-543},
       adsurl = {https://ui.adsabs.harvard.edu/abs/1975PASJ...27..533M},
      adsnote = {Provided by the SAO/NASA Astrophysics Data System}
}


%citing NFW 1996
@ARTICLE{NFW,
       author = {{Navarro}, Julio F. and {Frenk}, Carlos S. and {White}, Simon D.~M.},
        title = "{The Structure of Cold Dark Matter Halos}",
      journal = {The Astrophysical Journal},
     keywords = {COSMOLOGY: THEORY, COSMOLOGY: DARK MATTER, GALAXIES: HALOS, METHODS: NUMERICAL, Astrophysics},
         year = 1996,
        month = may,
       volume = {462},
        pages = {563},
          doi = {10.1086/177173},
archivePrefix = {arXiv},
       eprint = {astro-ph/9508025},
 primaryClass = {astro-ph},
       adsurl = {https://ui.adsabs.harvard.edu/abs/1996ApJ...462..563N},
      adsnote = {Provided by the SAO/NASA Astrophysics Data System}
}


%more on bulge
@ARTICLE{Vaucouleurs,
       author = {{de Vaucouleurs}, Gerard},
        title = "{Recherches sur les Nebuleuses Extragalactiques}",
      journal = {Annales d'Astrophysique},
         year = 1948,
        month = jan,
       volume = {11},
        pages = {247},
       adsurl = {https://ui.adsabs.harvard.edu/abs/1948AnAp...11..247D},
      adsnote = {Provided by the SAO/NASA Astrophysics Data System}
}

@article{Rossi,
    author = {Rossi, E. M. and Marchetti, T. and Cacciato, M. and Kuiack, M. and Sari, R.},
    title = "{Joint constraints on the Galactic dark matter halo and Galactic Centre from hypervelocity stars}",
    journal = {Monthly Notices of the Royal Astronomical Society},
    volume = {467},
    number = {2},
    pages = {1844-1856},
    year = {2017},
    month = {01},
    issn = {0035-8711},
    doi = {10.1093/mnras/stx098},
    url = {https://doi.org/10.1093/mnras/stx098},
    eprint = {https://academic.oup.com/mnras/article-pdf/467/2/1844/10873620/stx098.pdf},
}

@ARTICLE{Kall,
       author = {{Kallivayalil}, Nitya and {van der Marel}, Roeland P. and {Besla}, Gurtina and {Anderson}, Jay and {Alcock}, Charles},
        title = "{Third-epoch Magellanic Cloud Proper Motions. I. Hubble Space Telescope/WFC3 Data and Orbit Implications}",
      journal = {The Astrophysical Journal},
     keywords = {galaxies: evolution, galaxies: interactions, galaxies: kinematics and dynamics, Galaxy: structure, Magellanic Clouds, Astrophysics - Cosmology and Nongalactic Astrophysics},
         year = 2013,
        month = feb,
       volume = {764},
       number = {2},
          eid = {161},
        pages = {161},
          doi = {10.1088/0004-637X/764/2/161},
archivePrefix = {arXiv},
       eprint = {1301.0832},
 primaryClass = {astro-ph.CO},
       adsurl = {https://ui.adsabs.harvard.edu/abs/2013ApJ...764..161K},
      adsnote = {Provided by the SAO/NASA Astrophysics Data System}
}
@ARTICLE{van,
       author = {{van der Marel}, Roeland P. and {Alves}, David R. and {Hardy}, Eduardo and {Suntzeff}, Nicholas B.},
        title = "{New Understanding of Large Magellanic Cloud Structure, Dynamics, and Orbit from Carbon Star Kinematics}",
      journal = {The Astronompical Journal},
     keywords = {Galaxies: Distances and Redshifts, Galaxies: Kinematics and Dynamics, Galaxies: Local Group, Galaxies: Magellanic Clouds, Astrophysics},
         year = 2002,
        month = nov,
       volume = {124},
       number = {5},
        pages = {2639-2663},
          doi = {10.1086/343775},
archivePrefix = {arXiv},
       eprint = {astro-ph/0205161},
 primaryClass = {astro-ph},
       adsurl = {https://ui.adsabs.harvard.edu/abs/2002AJ....124.2639V},
      adsnote = {Provided by the SAO/NASA Astrophysics Data System}
}

@ARTICLE{Zivick,
       author = {{Zivick}, Paul and {Kallivayalil}, Nitya and {Besla}, Gurtina and {Sohn}, Sangmo Tony and {van der Marel}, Roeland P. and {del Pino}, Andr{\'e}s and {Linden}, Sean T. and {Fritz}, Tobias K. and {Anderson}, J.},
        title = "{The Proper-motion Field along the Magellanic Bridge: A New Probe of the LMC-SMC Interaction}",
      journal = {The Astrophysical Journal},
     keywords = {galaxies: kinematics and dynamics, Magellanic Clouds, Astrophysics - Astrophysics of Galaxies},
         year = 2019,
        month = mar,
       volume = {874},
       number = {1},
          eid = {78},
        pages = {78},
          doi = {10.3847/1538-4357/ab0554},
archivePrefix = {arXiv},
       eprint = {1811.09318},
 primaryClass = {astro-ph.GA},
       adsurl = {https://ui.adsabs.harvard.edu/abs/2019ApJ...874...78Z},
      adsnote = {Provided by the SAO/NASA Astrophysics Data System}
}

@ARTICLE{Pietrzy,
       author = {{Pietrzy{\'n}ski}, G. and {Graczyk}, D. and {Gieren}, W. and {Thompson}, I.~B. and {Pilecki}, B. and {Udalski}, A. and {Soszy{\'n}ski}, I. and {Koz{\l}owski}, S. and {Konorski}, P. and {Suchomska}, K. and {Bono}, G. and {Moroni}, P.~G. Prada and {Villanova}, S. and {Nardetto}, N. and {Bresolin}, F. and {Kudritzki}, R.~P. and {Storm}, J. and {Gallenne}, A. and {Smolec}, R. and {Minniti}, D. and {Kubiak}, M. and {Szyma{\'n}ski}, M.~K. and {Poleski}, R. and {Wyrzykowski}, {\L}. and {Ulaczyk}, K. and {Pietrukowicz}, P. and {G{\'o}rski}, M. and {Karczmarek}, P.},
        title = "{An eclipsing-binary distance to the Large Magellanic Cloud accurate to two per cent}",
      journal = {Nature},
     keywords = {Astrophysics - Galaxy Astrophysics, Astrophysics - Cosmology and Extragalactic Astrophysics},
         year = 2013,
        month = mar,
       volume = {495},
       number = {7439},
        pages = {76-79},
          doi = {10.1038/nature11878},
archivePrefix = {arXiv},
       eprint = {1303.2063},
 primaryClass = {astro-ph.GA},
       adsurl = {https://ui.adsabs.harvard.edu/abs/2013Natur.495...76P},
      adsnote = {Provided by the SAO/NASA Astrophysics Data System}
}

@MISC{bovy_2015_31262,
  author       = {Bovy, Jo},
  title        = {{Combined three-dimensional Milky Way extinction 
                   map}},
  month        = sep,
  year         = 2015,
  publisher    = {Zenodo},
  doi          = {10.5281/zenodo.31262},
  url          = {https://doi.org/10.5281/zenodo.31262}
}



